@STRING{ajs	= {American Journal of Sociology} }
@STRING{ars	= {Annual Review of Sociology} }
@STRING{asq	= {Administrative Science Quarterly} }
@STRING{asr	= {American Sociological Review} }
@STRING{jpsp = {Journal of Personality and Social Psychology} }
@STRING{qje	= {Quarterly Journal of Economics} }
@STRING{jhsb = {Journal of Health and Social Behavior}}
@STRING{ssm = {Social Science and Medicine}}
@STRING{sf = {Social Forces}}



@Article { abramowitzsaunders06,
	author = {Alan I. Abramowitz and Kyle L. Saunders},
	title = {Exploring the Bases of Partisanship in the American Electorate: Social Identity vs. Ideology},
	year = 2006,
	journal = {Political Research Quarterly},
	volume = 59,
	number = 2,
	pages = {175-187}
}

@Article { achen1992,
	author = {Christopher H. Achen},
	title = {Social psychology, demographic variables, and linear regression: Breaking the iron triangle in voting research},
	journal = {Political Behavior},
	volume = 14,
	number = 3,
	pages = {195-211},
	year = 1992
}

@Book { achenbartels,
	author = {Christopher H. Achen and Larry M. Bartels},
	title = {Democracy for Realists: Why elections do not produce responsive government},
	year = 2016,
	address = {Princeton, New Jersey},
	publisher = {Princeton University Press}
}

@Book { alwin,
	author = {Duane F. Alwin},
	title = {Margins of Error: A Study of Reliability in Survey Measurement},
	year = 2007,
	address = {New York},
	publisher = {John Wiley & Sons}
}

@Article { alwinkrosnick,
	author = {Duane F. Alwin and Jon A. Krosnick},
	title = {Aging, Cohorts, and Stability of Sociopolitical Orientations Over the Life Span},
	journal = ajs,
	year = 1991,
	volume = 97,
	number = 1,
	pages = {169-195}
}

@Article { ansolabehereetal,
	author = {Stephen Ansolabehere and Jonathan Rodden and James M. Snyder Jr.},
	title = {The Strength of Issues: Using Multiple Measures to Gauge Preferennce Stability, Ideological Constraint, and Issue Voting},
	journal = {American Political Science Review},
	year = 2008,
	volume = 102, 
	number = 2,
	pages = {215-232}
}

@Article { bailetal,
	title = {Exposure to opposing views on social media can increase political polarization},
	author = {Christopher A. Bail and Lisa P. Argyle and Taylor W. Brown and John P. Bumpus and Haohan Chen and M. B. Fallin Hunzaker and Jaemin Lee and Marcus Mann and Friedolin Merhout and Alexander Volfovsky},
	journal = {Proceedings of the National Academy of Sciences},
	year = 2018,
	volume = 115,
	number = 37,
	pages = {9216-9221}
}

@Article { baldassarigelman,
	author = {Delia Baldassarri and Andrew Gelman},
	title = {Partisans without Constraint: Political Polarization and Trends in American Public Opinion},
	journal = ajs,
	year = 2008,
	volume = 114,
	number = 2,
	pages = {408-446}
}

@Article { bartelsjackman,
	author = {Larry M. Bartels and Simon Jackman},
	year = 2014,
	title = {A generational model of political learning},
	journal = {Electoral Studies},
	volume = 33,
	pages = {7-18}
}

@Book { bourdieudistinction,
	author = {Pierre Bourdieu},
	title = {Distinction: A Social Critique of the Judgment of Taste},
	publisher = {Harvard University Press},
	year = 1987,
	address = {Cambridge, Massachusetts}
}

@Book { bourdieulogic,
	author = {Pierre Bourdieu},
	title = {The Logic of Practice},
	year = 1990,
	publisher = {Stanford University Press},
	address = {Stanford, California}
}

@InCollection { bourdieu_publicopinion,
	author = {Pierre Bourdieu},
	year = 1979,
	title = {Public Opinion Does Not Exist},
	pages = {124-130},
	booktitle = {Communication and Class Struggle},
	publisher = {Bagnolet},
	editor = {A. Mattelart and S. Siegelaub}
}

@Article { boutylinevaisey,
	author = {Andrei Boutyline and Stephen Vaisey},
	title = {Belief Network Analysis: A Relational Approach to Understanding the Structure of Attitudes},
	year = 2017,
	journal = ajs,
	volume = 122,
	number = 5,
	pages = {1371-1447}
}

@Book { centola,
	author = {Damon Centola},
	title = {How Behavior Spreads: The Science of Complex Contagion},
	year = 2018,
	publisher = {Princeton University Press},
	address = {Princeton, New Jersey}
}

@Book { christakisfowler,
	author = {Nicholas A. Christakis and James H. Fowler},
	title = {Connected: The Surprising Power of Our Social Networks and How They Shape Our Lives},
	year = 2009,
	publisher = {Little, Brown and Company},
	address = {New York}
}

@InCollection { converse,
	author = {Philip Converse},
	year = 1964,
	title = {The Nature of Belief Systems in Mass Publics},
	booktitle = {Ideology and Discontent, International Yearbook of Political Behavior Research},
	publisher = {Free Press},
	volume = 5,
	editor = {David Apter}
}

@Article { cotterhermsenvanneman,
	author = {David A. Cotter and Joan M. Hermsen and Reeve Vanneman},
	journal = ajs,
	year = 2011,
	title = {“The End of the Gender Revolution? Gender Role Attitudes from 1977 to 2008},
	volume = 117,
	pages = {259-289}
}

@Article { danigelis,
	author = {Nicholas L. Danigelis and Melissa Hardy and Stephen Cutler},
	title = {Population Aging, Intracohort Aging, and Sociopolitical Attitudes},
	journal = asr,
	year = 2007,
	volume = 72,
	pages = {812-830}
}

@Book { degloma,
	author = {Thomas DeGloma},
	title = {Seeing the Light: The Social Logic of Personal Discovery},
	year = 2014,
	address = {Chicago},
	publisher = {University of Chicago Press}
}

@Article { dellapostashimacy,
	author = {Daniel DellaPosta and Yongren Shi and Michael Macy},
	title = {Why Do Liberals Drink Lattes?},
	journal = ajs,
	volume = 120,
	number = 5,
	year = 2015,
	pages = {1473-1511}
}

@Article { dimaggio_polarization,
	author = {Paul DiMaggio and John Evans and Bethany Bryson},
	title = {Have American's Social Attitudes Become More Polarized},
	journal = ajs,
	volume = 102,
	nnumber = 3,
	year = 1996, 
	pages = {690-755}
}

@Article { eatonetal,
	author = {Asia A. Eaton and Penny S. Visser and Jon A. Krosnick and Sowmya Anand},
	title = {Social Power and Attitude Strength Over the Life Course},
	journal = {Personality and Social Psychology Bulletin},
	year = 2009,
	volume = 35,
	number = 12,
	pages = {1646-1660}
}

@Book { elder,
	author = {Glen Elder},
	year = 1974,
	title = {Children of the Great Depression: Social Change in Life Experience},
	address = {Chicago},
	publisher = {University of Chicago Press}
}

@Article { glenn,
	author = {Norval D. Glenn},
	year = 1974,
	title = {Aging and Conservatism},
	journal = {Annals of the American Academy of Political and Social Science},
	volume = 415,
	pages = {176-186}
}

@Article { goldbergstein,
	author = {Amir Goldberg and Sarah K. Stein},
	title = {Beyond Social Contagion: Associative Diffusion and the Emergence of Cultural Variation},
	year = 2018,
	journal = asr,
	volume = 83,
	number = 5,
	pages = {897-932}
}

@Book { greenetal,
	author = {Donald Green and Bradley Palmquist and Eric Schickler},
	title = {Partisan Hearts and Minds: Political Parties and the Social Identities of Voters},
	year = 2002,
	publisher = {Yale University Press},
	address = {New Haven, CT}
}

@Article { gross09,
	author = {Neil Gross},
	year = 2009,
	title = {A Pragmatist Theory of Social Mechanisms},
	journal = asr,
	volume = 74,
	pages = {358-379}
}

@Article { heise,
	author = {David R. Heise},
	year = 1969,
	title = {Separating reliability and stability in test-retest correlation},
	journal = asr,
	volume = 34,
	pages = {93-191}
}

@Article { houthastings,
	author = {Michael Hout and Orestes P. Hastings},
	journal = {Sociological Science},
	title = {Reliability of the Core Items in the General Social Survey: Estimates from the Three-Wave Panels, 2006–2014},
	year = 2016,
	pages = {971-1002},
	volume = 3
}

@Article { howekrosnick,
	author = {Lauren C. Howe and John A. Krosnick},
	title = {Attitude Strength},
	journal = {Annual Review of Psychology},
	year = 2017,
	volume = 68,
	pages = {327-351}
}

@Article { huddymasonaaroe,
	author = {Leonie Huddy and Lilliana Mason and Lene Aarøe},
	title = {Expressive Partisanship: Campaign Involvement, Political Emotion, and Partisan Identity},
	journal = {American Political Science Review},
	year = 2015,
	volume = 109,
	number = 1,
	pages = {1-17}
}

@Article { inglehartbaker,
	author = {Ronald Inglehart and Wayne E. Baker},
	journal = asr,
	title = {Modernization, Cultural Change, and the Persistence of Traditional Values},
	year = 2000,
	volume = 65,
	pages = {19-51}
}

@Article { iyengarwestwood,
	author = {Shanto Iyengar and Sean J. Westwood},
	title = {Fear and Loathing across Party Lines: New Evidence on Group Polarization},
	journal = {American Journal of Political Science},
	year = 2015,
	volume = 59,
	number = 3,
	pages = {690–707}
}

@Book { joas,
	author = {Hans Joas},
	year = 1996,
	title = {The Creativity of Action},
	address = {Chicago},
	publisher = {University of Chicago Press}
}

@Book { kinderkalmoe,
	author = {Donald R. Kinder and Nathan P. Kalmoe},
	title = {Neither Liberal nor Conservative: Ideological Innocence in the American Public},
	publisher = {University of Chicago Press},
	address = {Chicago},
	year = 2017
}

@Article { krosnickalwin,
	author = {John A. Krosnick and Duane F. Alwin},
	journal = {Journal of Personality and Social Psychology},
	title = {Aging and Susceptibility to Attitude Change},
	year = 1989,
	volume = 57,
	number = 3,
	pages = {416-425}
}

@Book { lakoff,
	author = {George Lakoff},
	title = {Moral Politics: How Liberals and Conservatives Think},
	address = {Chicago},
	publisher = {University of Chicago Press},
	year = 2002
}

@Article { lizardo17,
	author = {Omar Lizardo},
	journal = asr,
	title = {Improving Cultural Analysis: Considering Personal Culture in its Declarative and Nondeclarative Modes},
	year = 2017,
	volume = 82,
	number = 1,
	pages = {88-115}
}

@Article { lizardostrand,
	author = {Omar Lizardo and Michael Strand},
	journal = {Poetics},
	title = {Skills, toolkits, contexts and institutions: Clarifying the relationship between different approaches to cognition in cultural sociology},
	volume = 38,
	number = 2, 
	pages = {205-228},
	year = 2010
}

@InCollection { mannheim,
	author = {Karl Mannheim},
	title = {The Problem of Generations},
	booktitle = {Essays on the Sociology of Knowledge},
	pages = {276-322},
	address = {New York},
	publisher = {Oxford University Press},
	year = 1952
}

@Article { ohetal,
	author = {Jeong Hyun Oh and Sara Yeatman and Jenny Trinitapoli},
	title = {Data Collection as Disruption: Insights from a Longitudinal Study of Young Adulthood},
	year = 2019,
	journal = asr,
	volume = 84,
	number = 4,
	pages = {634-663}
}

@Book { pageshapiro,
	author = {Benjamin I. Page and Robert Y. Shapiro},
	title = {The Rational Public: Fifty Years of Trends in Americans' Policy Preferences},
	year = 1992,
	address = {Chicago},
	publisher = {University of Chicago Press}
}

@Article { perrinmcfadden,
	author = {Andrew J. Perrin and Katherine McFarland},
	title = {Social Theory and Public Opinion},
	journal = ars,
	year = 2011, 
	volume = 37,
	pages = {87-107}
}

@Article { robinson2007,
	author = {Dawn T. Robinson},
	title = {Control Theories in Sociology},
	journal = ars,
	year = 2007,
	volume = 33,
	pages = {157-174}
}

@Article { ryder,
	author = {Norman B. Ryder},
	year = 1965,
	title = {The Cohort as a Concept in the Study of Social Change},
	journal = asr,
	volume = 30,
	number = 6,
	pages = {843-861}
}

@Article { schnabelsevell,
	author = {Landon Schnabel and Eric Sevell},
	title = {Should Mary and Jane be Legal? Americans' Attitudes toward Marijuana and Same-Sex Marriage},
	journal = {Public Opinion Quarterly},
	volume = 81,
	number = 1, 
	year = 2017,
	pages = {157-172}
}

@Article { searsvalentino,
	author = {David O. Sears and Nicholas A. Valentino},
	title = {Politics Matters: Political Events as Catalysts for Preadult Socilization},
	journal = {American Political Science Review},
	year = 1997,
	volume = 97,
	number = 1,
	pages = {45-65}
}

@Article { smith97,
	author = {Tom W. Smith},
	journal = {Social Science Research},
	title = {Factors Relating to Misanthropy in Contemporary American Society},
	year = 1997,
	volume = 26,
	pages = {179-196}
}

@Article { vaisey09,
	author = {Stephen Vaisey},
	title = {Motivation and Justification: A Dual-Process Model of Culture in Action},
	journal = {American Journal of Sociology},
	year = 2009,
	volume = 114,
	pages = {1675--1715}	
}


@Article { vaiseylizardo,
	author = {Stephen Vaisey and Omar Lizardo},
	journal = {Socius},
	title = {Cultural Fragmentation or Acquired Dispositions? A New Approach to Accounting for Patterns of Cultural Change},
	year = 2016,
	pages = {1-15},
	volume = 2
}

@Article { vissermirabile,
	author = {Penny S. Visser and Robert R. Mirabile},
	title = {Attitudes in the Social Context: The Impact of Social Network Composition on Individual-Level Attitude Strength},
	journal = {Journal of Personal and Social Psychology},
	year = 2004,
	volume = 87, 
	number = 6,
	pages = {779-795}
}

@Article { visserkrosnick,
	author = {Penny S. Visser and Jon A. Krosnick},
	journal = {Journal of Personality and Social Psychology},
	title = {Development of Attitude Strength Over the Life Cycle: Surge and Decline},
	year = 1998,
	volume = 75,
	number = 6,
	pages = {1389-1410}
}

@Article { voaschaves,
	author = {David Voas and Mark Chaves},
	title = {Is the United States a Counterexample of the Secularization Thesis},
	journal = ajs,
	year = 2016,
	volume = 121,
	number = 5,
	pages = {1517-1556}
}

@Article { warrenhalpernmanners,
	author = {John Robert Warren and Andrew Halpern-Manners},
	title = {Panel Conditioning in Longitudinal Social Science Surveys},
	journal = {Sociological Methods and Research},
	year = 2012,
	volume = 41, 
	number = 4,
	pages = {491-534}
}

@Article { yangland,
	author = {Yang Yang and Kenneth C. Land},
	title = {A Mixed Models Approach to the Age-period-cohort Analysis of Repeated Cross-section Surveys, with an Application to Data on Trends in Verbal Test Scores},
	journal = {Sociological Methodology},
	volume = 36,
	number = 1,
	pages = {75–97},
	year = 2006

}

@Book { zaller,
	author = {John R. Zaller},
	title = {The Nature and Origins of Mass Opinion},
	year = 1992,
	address = {New York},
	publisher = {Cambridge University Press}
}
